@ONLINE{FacialProportions:2010:Online,
    title = {Standard Human Facial Proportions http://tinyurl.com/mfe9ams},
    month = oct,
    year = {2010},
    url = {http://tinyurl.com/mfe9ams}
}
